@misc{vukovic2016,
   AUTHOR    = {Mladen Vuković},
    TITLE     = "{Složenost algoritama}",
    YEAR      = "2016",
    howpublished        = "\url{https://www.math.pmf.unizg.hr/sites/default/files/pictures/sa-predavanja-2015-11.pdf}",
    NOTE = "{[Online; posjećeno \today]}"
    }
    
@misc{so1,
   AUTHOR    = {},
    TITLE     = "{Online errata}",
    YEAR      = "2016",
    howpublished        = "\url{https://cs.stackexchange.com/questions/11280/time-complexity-of-universal-turing-machine-simulations-and-the-time-hierarchy-t?rq=1}",
    NOTE = "{[Online; posjećeno \today]}"
    }
    

@book{sipser2006,
  added-at = {2014-03-03T20:31:33.000+0100},
  author = {Sipser, Michael},
  biburl = {https://www.bibsonomy.org/bibtex/2317441ce12cacafa82cd32c4b2ed95cc/ytyoun},
  edition = {Second},
  interhash = {6d6f89523b99e25120368e673ca59c01},
  intrahash = {317441ce12cacafa82cd32c4b2ed95cc},
  isbn = {7111173279 9787111173274},
  keywords = {automata complexity computation gadget hamiltonian np-hardness sipser textbook},
  publisher = {Course Technology},
  refid = {660595094},
  timestamp = {2016-12-04T08:23:10.000+0100},
  title = {Introduction to the Theory of Computation},
  year = 2006
}

@book{sipser2006_2,
  added-at = {2014-03-03T20:31:33.000+0100},
  author = {Sipser, Michael},
  biburl = {https://www.bibsonomy.org/bibtex/2317441ce12cacafa82cd32c4b2ed95cc/ytyoun},
  edition = {Second},
  interhash = {6d6f89523b99e25120368e673ca59c01},
  intrahash = {317441ce12cacafa82cd32c4b2ed95cc},
  isbn = {7111173279 9787111173274},
  keywords = {automata complexity computation gadget hamiltonian np-hardness sipser textbook},
  publisher = {Course Technology},
  refid = {660595094},
  timestamp = {2016-12-04T08:23:10.000+0100},
  title = {Introduction to the Theory of Computation},
  year = 2006,
  page = 370,
  note = "Page: 370, second paragraph"
}

@book{Pap94,
  added-at = {2006-11-06T22:06:28.000+0100},
  author = {Papadimitriou, Christos M.},
  biburl = {https://www.bibsonomy.org/bibtex/2c140719202fb4a7e231cb879c5b4ee09/lysander07},
  booktitle = {Computational Complexity},
  interhash = {a44fa77e3ab4efefa4a6a851afa4952f},
  intrahash = {c140719202fb4a7e231cb879c5b4ee09},
  isbn = {0201530821},
  keywords = {imported XMLTage2006-2},
  publisher = {Addison-Wesley},
  timestamp = {2009-01-27T15:24:50.000+0100},
  title = {Computational Complexity},
  year = 1994
}

@misc{teoremktraka,
   AUTHOR    = {Martin Fürer},
    TITLE     = "\textit{The Tight Deterministic Time Hierarchy}",
    YEAR      = "1982",
    howpublished        = "\url{http://dl.acm.org/citation.cfm?doid=800070.802172}",
    NOTE = "{[Online; posjećeno \today]}"
    }
@misc{teorem2trake,
   AUTHOR    = {F.C.Hennie and R. E. Stearns },
    TITLE     = "\textit{Two-Tape Simulation 
of Multitape Turing Machines }",
    YEAR      = "1966",
    howpublished        = "\url{http://www.dcs.fmph.uniba.sk/~fduris/VKTI/2tape.pdf}",
    NOTE = "{[Online; posjećeno \today]}"
    }

@misc{teoremntime,
   AUTHOR    = {Fortnow, Lance and Santhanam, Rahul},
    TITLE     = "\textit{New Non-Uniform Lower Bounds for Uniform
Classes}",
    YEAR      = "2016",
    howpublished        = "\url{http://drops.dagstuhl.de/opus/volltexte/2016/5850/pdf/29.pdf}",
    NOTE = "{[Online; posjećeno \today]}"
    }

@misc{teoremntime2,
   AUTHOR    = {Seiferas, Joel I. and Fischer, Michael J.  and Meyer,Albert R. },
    TITLE     = "\textit{Separating Nondeterministic Time Complexity Classes }",
    YEAR      = "1978",
    howpublished = "\url{http://pages.cs.wisc.edu/~jyc/710/seiferas.pdf}",
    NOTE = "{[Online; posjećeno \today]}"
    }

@misc{hart1968,
   AUTHOR    = {J., Hartmanis },
    TITLE     = "\textit{Computational 
Complexity 
of 
One-Tape 
Turing 
Machine 
Computations}",
    YEAR      = "1968",
    howpublished    = "\url{http://cse.iitkgp.ac.in/~goutam/toc/readingMaterial/computational-complexity-one-tape-Hart.pdf}",
    NOTE = "{[Online; posjećeno \today]}"
    }

@misc{SipserErrata,
   AUTHOR    = {Ghasemloo, Kaveh},
    TITLE     = "\textit{Errata for Introduction to the Theory of Computation, 3rd Edition}",
    YEAR      = "2012",
    howpublished        = "\url{http://math.mit.edu/~sipser/itoc-derrs3.1.html}",
    NOTE = "{[Online; posjećeno \today]}"
    }
    
@misc{multitrack1,
   AUTHOR    = { Robles,Eric and  Skinker,Luke},
    TITLE     = "\textit{Strange Turing Machines}",
    YEAR      = "2016",
    howpublished        = "\url{http://www.eecs.wsu.edu/~ananth/CptS317/Lectures/TuringMachines.pdf}",
    NOTE = "{[Online; posjećeno \today]}"
    }
@misc{multitrack2,
	AUTHOR    = {Kalyanaraman, Ananth},
	TITLE     = "\textit{Turing Machines}",
	YEAR      = "2016",
	howpublished        = "\url{https://people.eecs.berkeley.edu/~luca/cs172/noteh.pdf}",
	NOTE = "{pages 18-21, [Online; posjećeno \today]}"
}
    
@misc{counterCop,
   AUTHOR    = { Beame, Paul},
    TITLE     = "\textit{Strange Turing Machines}",
    YEAR      = "2004",
    howpublished        = "\url{https://courses.cs.washington.edu/courses/cse532/04sp/root.pdf}",
    NOTE = "{stranica 5, zadnji paragraf, [Online; posjećeno \today]}"
    }
    
@misc{counterCop2,
   AUTHOR    = {  Trevisan, Luca},
    TITLE     = "\textit{Notes on Hierarchy Theorems}",
    YEAR      = "2004",
    howpublished        = "\url{https://people.eecs.berkeley.edu/~luca/cs172/noteh.pdf}",
    NOTE = "{U Lemi 10, [Online; posjećeno \today]}"
    }


